

@article{Geng2018A,
  title={A hop-by-hop dynamic distributed multipath routing mechanism for link state network},
  author={Geng, Haijun and Shi, Xingang and Wang, Zhiliang and Yin, Xia},
  journal={Computer Communications},
  volume={116},
  pages={225-239},
  year={2018},
}
@inproceedings{Xu2017Failure,
  title={Failure Inference for shortening traffic Detours},
  author={Xu, Anmin and Bi, Jun and Zhang, Baobao and Wang, Shuhe and Wu, Jianping},
  booktitle={Ieee/acm  International Symposium on Quality of Service},
  pages={1-10},
  year={2017},
}
@article{Dijkstra1959A,
  title={A note on two problems in connexion with graphs},
  author={Dijkstra, E. W},
  journal={Numerische Mathematik},
  volume={1},
  number={1},
  pages={269-271},
  year={1959},
}
@inproceedings{Gjoka2007Evaluation,
  title={Evaluation of IP Fast Reroute Proposals},
  author={Gjoka, Minas and Ram, Vinayak and Yang, Xiaowei},
  booktitle={International Conference on Communication Systems Software and MIDDLEWARE},
  pages={1-8},
  year={2007},
}
@article{Narv2002New,
  title={New dynamic SPT algorithm based on ball-and-string model},
  author={Narv¨¢ez, Paolo and Siu, Kai Yeung and Tzeng, Hong Yi},
  journal={IEEE/ACM Transactions on Networking},
  volume={9},
  number={6},
  pages={706-718},
  year={2002},
}
@misc{cisco,
  title={Cisco IOS XR Routing Configuration Guide},
  author={ Cisco Systems, San Jose},
      year={2008},
}
@misc{Juniper,
  title={ Junos OS Routing Protocols Configuration Guide},
  author={  Juniper Networks, Sunnyvale},
      year={2009},
}
@article{lfarevisited,
  title={IP fast ReRoute: Loop Free Alternates revisited},
  author={Retvari, G and Tapolcai, J and Enyedi, G and Csaszar, Andras},
  journal={Proceedings - IEEE INFOCOM},
  volume={2},
  number={3},
  pages={2948-2956},
  year={2011},
}
@article{Yang2018Fast,
  title={Fast Rerouting Against Multi-Link Failures Without Topology Constraint},
  author={Yang, Yuan and Xu, Mingwei and Li, Qi},
  journal={IEEE/ACM Transactions on Networking},
  volume={PP},
  number={99},
  pages={384-397},
  year={2018},
}
@inproceedings{Stephens2016Scalable,
  title={Scalable Multi-Failure Fast Failover via Forwarding Table Compression},
  author={Stephens, Brent and Cox, Alan L. and Rixner, Scott},
  booktitle={Symposium on Sdn Research},
  pages={9},
  year={2016},
}
@inproceedings{Liu2013Ensuring,
  title={Ensuring connectivity via data plane mechanisms},
  author={Liu, Junda and Panda, Aurojit and Singla, Ankit and Godfrey, Brighten and Schapira, Michael and Shenker, Scott},
  booktitle={Usenix Conference on Networked Systems Design and Implementation},
  pages={113-126},
  year={2013},
}
@article{Elhourani2016IP,
  title={IP Fast Rerouting for Multi-Link Failures},
  author={Elhourani, Theodore and Gopalan, Abishek and Ramasubramanian, Srinivasan and Elhourani, Theodore and Gopalan, Abishek and Ramasubramanian, Srinivasan},
  journal={IEEE/ACM Transactions on Networking},
  volume={24},
  number={5},
  pages={3014-3025},
  year={2016},
}
@incollection{caleffi,
  title={A reliability-based framework for multi-path routing analysis in mobile ad-hoc networks},
  author={Caleffi, M and Ferraiuolo, G and Paura, L.},
  booktitle={International Journal of Communication Networks and Distributed Systems},
  pages={507-523},
  year={2008},
  
} 

@inproceedings{Jose2016Optimal,
  title={Optimal link-disjoint node-¡°somewhat disjoint¡± paths},
  author={Jose Yallouz and Ori Rottenstreich and P¨¦ter Babarczi and Avi Mendelson and Ariel Orda},
  booktitle={IEEE 24rd International Conference on Network Protocols (ICNP)},
  pages={1-10},
  year={2016},
}




@article{Jeong2014ExMin,
  title={ExMin: A routing metric for novel opportunity gain in Delay Tolerant Networks},
  author={Jeong, Jaeseong and Lee, Kyunghan and Yi, Yung and Rhee, Injong and Chong, Song},
  journal={Computer Networks},
  volume={59},
  number={2},
  pages={184-196},
  year={2014},
}
@article{LIANG2011ENHANCED,
  title={ENHANCED ROUTING METRIC FOR LOAD-BALANCING IN WIRELESS MESH NETWORKS},
  author={LIANG  MA and MIESO K.  DENKO},
  volume={08},
  number={4},
  pages={407--426},
  year={2011},
}
@article{Malnar2015Survey,
  title={Survey of routing metrics for multi channel multi interface wireless mesh networks},
  author={Malnar, Marija and Neskovic, Natasa},
  journal={Military Technical Courier},
  volume={63},
  number={3},
  pages={42-62},
  year={2015},
}

@article{Caleffi2012OPERA,
  title={OPERA: Optimal Routing Metric for Cognitive Radio Ad Hoc Networks},
  author={Caleffi, M. and Akyildiz, I. F. and Paura, L.},
  journal={IEEE Transactions on Wireless Communications},
  volume={11},
  number={8},
  pages={2884-2894},
  year={2012},
}

@inproceedings{Yang2008Design,
  title={Design Guidelines for Routing Metrics in Multihop Wireless Networks},
  author={Yang, Y. and Wang, J.},
  booktitle={INFOCOM 2008. the  Conference on Computer Communications. IEEE},
  pages={1615-1623},
  year={2008},
}




@incollection{Gjoka,
  title={Evaluation of IP Fast Reroute Proposals},
  author={Gjoka, M and Ram, V and Yang, X. },
  booktitle={Proceedings of IEEE COMSWARE},
  year={2007},
  
} 

@incollection{Scalable ,
  title={Scalable and Efficient Multipath Routing: Complexity and Algorithms},
  author={Krist, P},
  booktitle={IEEE 23rd International Conference on Network Protocols (ICNP)},
  pages={376-385},
  year={2015},
  
} 
@incollection{Zheng,
  title={We've Got You Covered: Failure Recovery with Backup Tunnels in Traffic Engineering
},
  author={Zheng, Jiaqi and Xu, Hong and Zhu, Xiaojun and Chen, Guihai and Geng, Yanhui},
  booktitle={IEEE 24rd International Conference on Network Protocols (ICNP)},
 pages={37-385},
  year={2016},
  
} 



@incollection{liao2001multi,
  title={A multi-path QoS routing protocol in a wireless mobile ad hoc network},
  author={Liao, Wen-Hwa and Wang, Shu-Ling and Sheu, Jang-Ping and Tseng, Yu-Chee},
  booktitle={Networking¡ªICN 2001},
  pages={158--167},
  year={2001},
  publisher={Springer}
}
@inproceedings{gjessing2006implementation,
  title={Implementation of two resilience mechanisms using multi topology routing and stub routers},
  author={Gjessing, Stein},
  booktitle={Telecommunications, 2006. AICT-ICIW'06. International Conference on Internet and Web Applications and Services/Advanced International Conference on},
  pages={29--29},
  year={2006},
  organization={IEEE}
}
@inproceedings{leung2001mp,
  title={MP-DSR: a QoS-aware multi-path dynamic source routing protocol for wireless ad-hoc networks},
  author={Leung, Roy and Liu, Jilei and Poon, Edmond and Chan, A-LC and Li, Baochun},
  booktitle={Local Computer Networks, 2001. Proceedings. LCN 2001. 26th Annual IEEE Conference on},
  pages={132--141},
  year={2001},
  organization={IEEE}
}
@inproceedings{zhang2013rpfp,
  title={RPFP: IP fast reroute with providing complete protection and without using tunnels},
  author={Zhang, Baobao and Wu, Jianping and Bi, Jun},
  booktitle={Quality of Service (IWQoS), 2013 IEEE/ACM 21st International Symposium on},
  pages={1--10},
  year={2013},
  organization={IEEE}
}
@inproceedings{gummadi2004improving,
  title={Improving the Reliability of Internet Paths with One-hop Source Routing.},
  author={Gummadi, P Krishna and Madhyastha, Harsha V and Gribble, Steven D and Levy, Henry M and Wetherall, David and others},
  booktitle={OSDI},
  volume={4},
  pages={13--13},
  year={2004}
}
@article{li1999mpls,
  title={MPLS and the evolving Internet architecture},
  author={Li, Tony},
  journal={Communications Magazine, IEEE},
  volume={37},
  number={12},
  pages={38--41},
  year={1999},
  publisher={IEEE}
}
@inproceedings{retvari2011optimizing,
  title={Optimizing IGP link costs for improving IP-level resilience},
  author={R{\'e}tv{\'a}ri, G{\'a}bor and Csikor, Levente and Tapolcai, J{\'a}nos and Enyedi, G{\'a}bor and Cs{\'a}sz{\'a}r, Andr{\'a}s},
  booktitle={Design of Reliable Communication Networks (DRCN), 2011 8th International Workshop on the},
  pages={62--69},
  year={2011},
  organization={IEEE}
}

@article{ReliabilityAnalysis,
 author = {Roberta Terruggia},
 title = {Reliability Analysis of Probabilistic Networks},
 journal = {PhD Thesis},
 year = {2010}
}
@inproceedings{dynerowicz2013forwarding,
  title={On the forwarding paths produced by Internet routing algorithms.},
  author={Dynerowicz, Seweryn and Griffin, Timothy G},
  booktitle={ICNP},
  pages={1--10},
  year={2013}
}
@inproceedings{yang2008design,
  title={Design guidelines for routing metrics in multihop wireless networks},
  author={Yang, Yaling and Wang, Jun},
  booktitle={INFOCOM 2008. The 27th conference on computer communications. IEEE},
  year={2008},
  organization={IEEE}
}

@article{Menth20101300,
title = "Loop-free alternates and not-via addresses: A proper combination for IP fast reroute? ",
journal = "Computer Networks ",
volume = "54",
number = "8",
pages = "1300 - 1315",
year = "2010",
author = "Michael Menth and Matthias Hartmann and R¨¹diger Martin and Tarik \v{C}i\v{c}i\'{c}? and Amund Kvalbein",
}

@article{Sobrinho:2002:AAQ:581862.581871,
 author = {Sobrinho, Jo\~{a}o Lu\'{\i}s},
 title = {Algebra and Algorithms for QoS Path Computation and Hop-by-hop Routing in the Internet},
 journal = {IEEE/ACM Trans. Netw.},
 issue_date = {August 2002},
 volume = {10},
 number = {4},
 month = aug,
 year = {2002},
 issn = {1063-6692},
 pages = {541--550},
 numpages = {10},

}

@book{CLRS,
  author    = {Thomas H. Cormen and
               Charles E. Leiserson and
               Ronald L. Rivest and
               Clifford Stein},
  title     = {Introduction to Algorithms {(3.} ed.)},
  publisher = {{MIT} Press},
  year      = {2009},
}



@inproceedings{20094212373257 ,
title = {MARA: Maximum alternative routing algorithm},
booktitle = {Proceedings - IEEE INFOCOM},
author = {Ohara, Yasuhiro and Imahori, Shinji and Van Meter, Rodney},
year = {2009},
pages = {298 - 306},
} 
@inproceedings{20114214442265 ,
title = {On the feasibility and efficacy of protection routing in IP networks},
booktitle = {IEEE/ACM Transactions on Networking},
author = {Kwong, Kin-Wah and Gao, Lixin and Guerin, Roch and Zhang, Zhi-Li},
volume = {19},
number = {5},
year = {2011},
pages = {1543 - 1556}
} 



@article{feller1971introduction,
  title={An introduction to probability theory and its applications},
  author={Feller, William},
  journal={Wiley series in probability and mathematical statistics.},
  year={1971},
  publisher={Wiley. New York. US}
}


@article{bryant2006ip,
  title={IP fast reroute using not-via addresses},
  author={Bryant, S and Shand, M and Previdi, S},
  journal={draft-bryant-shand-ipfrr-notvia-addresses-03.txt},
  year={2006}
}
@article{20083511494785 ,
title = {Characterization of failures in an operational IP backbone network},
journal = {IEEE/ACM Transactions on Networking},
author = {Markopoulou, Athina and Iannaccone, Gianluca and Bhattacharyya, Supratik and Chuah, Chen-Nee and Ganjali, Yashar and Diot, Christophe},
volume = {16},
number = {4},
year = {2008},
pages = {749 - 762},
issn = {10636692},
} 
@inproceedings{2001446710101 ,
title = {BRITE: An approach to universal topology generation},
journal = {IEEE International Workshop on Modeling, Analysis, and Simulation of Computer and Telecommunication Systems},
author = {Medina, A. and Lakhina, A. and Matta, I. and Byers, J.},
year = {2001},
pages = {346 - 353},
} 
@inproceedings{20102012943182 ,
title = {An evaluation of IP-based fast reroute techniques},
booktitle = {CoNEXT 2005 - Proceedings of the 2005 ACM Conference on Emerging Network Experiment and Technology},
author = {Francois, Pierre and Bonaventure, Olivier},
year = {2005},
pages = {244 - 245},

} 

@article{2006169833416 ,
title = {Achieving sub-second IGP convergence in large IP networks},
journal = {Computer Communication Review},
author = {Francois, Pierre and Filsfils, Clarence and Evans, John and Bonaventure, Olivier},
volume = {35},
number = {3},
year = {2005},
pages = {35 - 44},
issn = {01464833},

} 

@inproceedings{2004128070224 ,
title = {Experience in Black-box OSPF Measurement},
journal = {Proceedings of the ACM SIGCOMM Internet Measurement Workshop},
author = {Shaikh, Aman and Greenberg, Albert},
year = {2001},
pages = {113 - 125},

} 
@inproceedings{lee2004proactive,
  title={Proactive vs reactive approaches to failure resilient routing},
  author={Lee, Sanghwan and Yu, Yinzhe and Nelakuditi, Srihari and Zhang, Zhi-Li and Chuah, Chen-Nee},
  booktitle={INFOCOM 2004. Twenty-third AnnualJoint Conference of the IEEE Computer and Communications Societies},
  volume={1},
  year={2004},
  organization={IEEE}
}

@article{20071710572557 ,
title = {Fast local rerouting for handling transient link failures},
journal = {IEEE/ACM Transactions on Networking},
author = {Nelakuditi, Srihari and Lee, Sanghwan and Yu, Yinzhe and Zhang, Zhi-Li and Chuah, Chen-Nee},
volume = {15},
number = {2},
year = {2007},
pages = {359 - 372},
issn = {10636692},
} 

@inproceedings{20075110977789 ,
title = {Achieving convergence-free routing using failure-carrying packets},
booktitle = {ACM SIGCOMM 2007: Conference on Computer Communications},
 author= {Lakshminarayanan, Karthik and Caesar, Matthew and Rangan, Murali and Anderson, Tom and Shenker, Scott and Stoica, Ion},
year = {2007},
pages = {241 - 252},
address = {Kyoto, Japan},

} 




@inproceedings{dmpa,
  title={Dynamic Distributed Algorithm for Computing Multiple Next-Hops on a Tree},
  author={Haijun Geng and Xingang Shi and Xia Yin and  Zhiliang Wang},
  booktitle={21th IEEE International Conference on Networking£¬ ICNP 2013},
  year={2013},
  organization={IEEE}
}

@inproceedings{schollmeier2003improving,
  title={Improving the resilience in IP networks},
  author={Schollmeier, Gero and Charzinski, Joachim and Kirstadter, Andreas and Reichert, Christoph and Schrodi, Karl J and Glickman, Yuri and Winkler, Chris},
  booktitle={High Performance Switching and Routing, 2003, HPSR. Workshop on},
  pages={91--96},
  year={2003},
  organization={IEEE}
}



@article{villamizar1999ospf,
  title={Ospf optimized multipath (ospf-omp), Internet Draft},
  author={Villamizar, Curtis},
  year={1999}
}


@inproceedings{vutukury1999simple,
  title={A Simple Approximation to Minimum-Delay Routing},
  author={Vutukury, Srinivas and Garcia-Luna-Aceves, JJ},
  booktitle={Proc. of ACM SIGCOMM},
  year={1999}
}


@inproceedings{zaumen1998loop,
  title={Loop-free multipath routing using generalized diffusing computations},
  author={Zaumen, William T and Garcia-Luna-Aceves, JJ},
  booktitle={INFOCOM'98. Seventeenth Annual Joint Conference of the IEEE Computer and Communications Societies. Proceedings. IEEE},
  volume={3},
  pages={1408--1417},
  year={1998},
  organization={IEEE}
}


@inproceedings{vutukury2001mdva,
  title={MDVA: A distance-vector multipath routing protocol},
  author={Vutukury, Srinivas and Garcia-Luna-Aceves, Jose J},
  booktitle={INFOCOM 2001. Twentieth Annual Joint Conference of the IEEE Computer and Communications Societies. Proceedings. IEEE},
  volume={1},
  pages={557--564},
  year={2001},
  organization={IEEE}
}

@inproceedings{ohara2009mara,
  title={MARA: Maximum alternative routing algorithm},
  author={Ohara, Yasuhiro and Imahori, Shinji and Van Meter, Rodney},
  booktitle={INFOCOM 2009, IEEE},
  pages={298--306},
  year={2009},
  organization={IEEE}
}


@article{yuan2009smrs,
  title={SMRS: A scalable multi-path routing scheme},
  author={Yuan, Quan and Wu, Jie and Cardei, Ionut},
  journal={International Journal of Parallel, Emergent and Distributed Systems},
  volume={24},
  number={1},
  pages={69--84},
  year={2009},
  publisher={Taylor \& Francis}
}



@inproceedings{20122315088660 ,
title = {Permutation routing for increased robustness in IP networks},
booktitle = {IFIP Networking Conference, 2012},
author = {Vo, Hung Quoc and Lysne, Olav and Kvalbein, Amund},
year = {2012},
pages = {217 - 231},
} 

@MISC{routingfreak07,
    author = {Manav Bhatia},
    title = {Convergence and Scalability Issues in OSPF and IS-IS},
 booktitle = {http://routingfreak.wordpress.com/2007/03/03/convergence-and-scalability-issues/},
year = {2007}

}

@inproceedings{vo2013routing,
  title={Routing with joker links for maximized robustness},
  author={Vo, Hung Quoc and Lysne, Olav and Kvalbein, Amund},
  booktitle={IFIP Networking Conference, 2013},
  pages={1--9},
  year={2013},
  organization={IEEE}
}


@article{cho2012independent,
  title={Independent directed acyclic graphs for resilient multipath routing},
  author={Cho, Sangman and Elhourani, Theodore and Ramasubramanian, Srinivasan},
  journal={IEEE/ACM Transactions on Networking (TON)},
  volume={20},
  number={1},
  pages={153--162},
  year={2012},
  publisher={IEEE Press}
}

@inproceedings{kvalbein2009multipath,
  title={Multipath load-adaptive routing: Putting the emphasis on robustness and simplicity},
  author={Kvalbein, Amund and Dovrolis, Constantine and Muthu, Chidambaram},
  booktitle={17th IEEE International Conference on Networking£¬ ICNP 2009},
  pages={203--212},
  year={2009},
  organization={IEEE}
}
@inproceedings{shaikh2001experience,
  title={Experience in black-box OSPF measurement},
  author={Shaikh, Aman and Greenberg, Albert},
  booktitle={Proceedings of the 1st ACM SIGCOMM Workshop on Internet Measurement},
  pages={113--125},
  year={2001},
  organization={ACM}
}


@inproceedings{alaettinoglu2000towards,
  title={Towards millisecond IGP convergence},
  author={Alaettinoglu, Cengiz and Jacobson, Van and Yu, Haobo},
  booktitle={Proceedings of NANOG},
  volume={20},
  year={2000}
}


@MISC{millisecond,
    author = {Athina Markopoulou and Gianluca Iannaccone and Supratik Bhattacharyya and Chen-nee Chuah and Yashar Ganjali and Christophe Diot},
    title = {Towards Milli-Second IGP Convergence},
 booktitle = {draft-alaettinoglu-isis-convergence-00},
year = {2000}
}
@inproceedings{BlackboxOSPF,
 author = {Shaikh, Aman and Greenberg, Albert},
 title = {Experience in black-box OSPF measurement},
 booktitle = {Proceedings of the 1st ACM SIGCOMM Workshop on Internet Measurement},
 series = {IMW '01},
 year = {2001},
 pages = {113--125},
} 

@misc{oran1990osi,
  title={OSI IS-IS Intra-domain Routing Protocol, RFC1142},
  author={D. Oran},
  year={1990}
}

@misc{LFA,
  title={Basic Specification for IP Fast Reroute: Loop-Free Alternates, RFC 5286},
  author={A. Atlas, Ed. and A. Zinin, Ed.},
  year={2008}
}

@misc{TRILL,
  title={Transparent Interconnection of Lots of Links (TRILL): Problem and Applicability Statement, RFC 5556},
  author={J. Touch and R. Perlman},
  year={2009}
}

@inproceedings{frigioni1996fully,
  title={Fully dynamic output bounded single source shortest path problem},
  author={Frigioni, Daniele and Marchetti-Spaccamela, Alberto and Nanni, Umberto},
  booktitle={Proceedings of the seventh annual ACM-SIAM symposium on Discrete algorithms},
  pages={212--221},
  year={1996},
  organization={Society for Industrial and Applied Mathematics}
}


@inproceedings{franciosa1997semi,
  title={Semi-dynamic shortest paths and breadth-first search in digraphs},
  author={Franciosa, Paolo Giulio and Frigioni, Daniele and Giaccio, Roberto},
  booktitle={STACS 97},
  pages={33--46},
  year={1997},
  organization={Springer}
}


@article{spira1975finding,
  title={On finding and updating spanning trees and shortest paths},
  author={Spira, Philip M. and Pan, A},
  journal={SIAM Journal on Computing},
  volume={4},
  number={3},
  pages={375--380},
  year={1975},
  publisher={SIAM}
}


@article{narvaez2001new,
  title={New dynamic SPT algorithm based on a ball-and-string model},
  author={Narv{\'a}ez, P. and Siu, K.Y. and Tzeng, H.Y.},
  journal={IEEE/ACM Transactions on Networking (TON)},
  volume={9},
  number={6},
  pages={706--718},
  year={2001},
  publisher={IEEE}
}

@article{incits8473iso,
  title={ISO/IEC 10589},
  author={INCITS, ANSI},
  journal={Information technology--Telecommunications and information exchange between systems--Intermediate System to intermediate system intra-domain routeing information exchange protocol for use in conjunction with the protocol for providing the connectionless-mode network service (ISO 8473)},
  year={1992}
}

@article{perlman1991comparison,
  title={A comparison between two routing protocols: OSPF and IS-IS},
  author={Perlman, Radia},
  journal={Network, IEEE},
  volume={5},
  number={5},
  pages={18--24},
  year={1991},
  publisher={IEEE}
}






@article{narvaez2000new,
  title={New dynamic algorithms for shortest path tree computation},
  author={Narv{\'a}ez, P. and Siu, K.Y. and Tzeng, H.Y.},
  journal={IEEE/ACM Transactions on Networking (TON)},
  volume={8},
  number={6},
  pages={734--746},
  year={2000},
  publisher={IEEE Press}
}

@article{knuth1977generalization,
  title={Fibonacci heaps and their uses in improved network optimization algorithms },
  author={Fredman, Michael Lawrence and RE Tarjan},
  journal={25th Annual Symposium on Foundations of Computer Science (IEEE)},
  pages={338--346},
  year={1984},
  publisher={Elsevier}
}

@inproceedings{Li_Improving:2007,
  title={On improving the efficiency and manageability of NotVia},
  author={Li, A. and Francois, P. and Yang, X.},
  booktitle={Proceedings of the 2007 ACM CoNEXT conference},
  year={2007},
  organization={ACM}
}
@inproceedings{Yang_Source:2006,
  author    = {Xiaowei Yang and David Wetherall},
  title     = {Source selectable path diversity via routing deflections.},
  booktitle = {SIGCOMM},
  publisher = {ACM},
  year      = {2006},
  pages     = {159-170}
}
@inproceedings{Pathsplicing:2008,
  author    = {Murtaza Motiwala and
               Megan Elmore and
               Nick Feamster and
               Santosh Vempala},
  title     = {Path splicing},
  booktitle = {SIGCOMM},
  year      = {2008},
  pages     = {27-38}
}

@article{chen2004multipath,
  title={Multipath routing for video delivery over bandwidth-limited networks},
  author={Chen, J. and Chan, S.H.G. and Li, V.O.K.},
  journal={Selected Areas in Communications, IEEE Journal on},
  volume={22},
  number={10},
  pages={1920--1932},
  year={2004},
  publisher={IEEE}
}

@article{vutukury2000mpath,
  title={MPATH: a loop-free multipath routing algorithm},
  author={Vutukury, S. and Garcia-Luna-Aceves, JJ},
  journal={Microprocessors and Microsystems},
  volume={24},
  number={6},
  pages={319--327},
  year={2000},
  publisher={Elsevier}
}





 @INPROCEEDINGS{Savage99theend-to-end,
    author = {Stefan Savage and Andy Collins and Eric Hoffman and John Snell and Thomas Anderson},
    title = {The End-to-End Effects of Internet Path Selection},
    booktitle = {SIGCOMM},
 publisher = {ACM},
    year = {1999},
    pages = {289--299},
  }

 @article{he2008toward,
  title={Toward internet-wide multipath routing},
  author={He, J. and Rexford, J.},
  journal={Network, IEEE},
  volume={22},
  number={2},
  pages={16--21},
  year={2008},
  publisher={IEEE}
}

@article{moy1998rfc,
  title={Rfc 2328: Ospf version 2},
  author={Moy, J.},
  journal={Internet Society (ISOC)},
  year={1998}
}
@book{moy1998ospf,
  title={OSPF: anatomy of an Internet routing protocol},
  author={Moy, John T},
  year={1998},
  publisher={Addison-Wesley Professional}
}
 @article{andersen2002resilient,
  title={Resilient overlay networks},
  author={Andersen, D. and Balakrishnan, H. and Kaashoek, F. and Morris, R.},
  journal={ACM SIGCOMM Computer Communication Review},
  volume={32},
  number={1},
  pages={66--66},
  year={2002},
  publisher={ACM}
}
@article{palakurthi2001study,
  title={Study of multipath routing for qos provisioning},
  author={Palakurthi, H.S.},
  journal={EECS},
  year={2001}
}
@MISC{Markopoulou_characterizationof,
    author = {Athina Markopoulou and Gianluca Iannaccone and Supratik Bhattacharyya and Chen-nee Chuah and Yashar Ganjali and Christophe Diot},
    title = {Characterization of Failures in an Operational IP Backbone Network},
 booktitle = {In IEEE/ACM Transactions on Networking},
year = {2008}

}

@INPROCEEDINGS{Iannaccone02analysisof,
    author = {Gianluca Iannaccone and Chen-nee Chuah and Richard Mortier and Supratik Bhattacharyya and Christophe Diot},
    title = {Analysis of link failures in an IP backbone},
    booktitle = {In Proc. of the Internet Measurement Workshop},
    year = {2002},
    pages = {237--242},
    publisher = {ACM}
}


@article{lee2002survey,
  title={A survey of multipath routing for traffic engineering},
  author={Lee, G.M. and Choi, J.},
  journal={Information and Communications University, Korea},
  year={2002},
  publisher={Citeseer}
}

@article{2004148100061 ,
title = {Measuring ISP Topologies With Rocketfuel},
journal = {IEEE/ACM Transactions on Networking},
author = {Spring, Neil and Mahajan, Ratul and Wetherall, David and Anderson, Thomas},
volume = {12},
number = {1},
pages = {2 - 16},
year = {2004},


} 
@inproceedings{2006,
  title={Implementation of two resilience mechanisms using multi topology routing and stub routers},
  author={Gjessing, S.},
  booktitle={Telecommunications, 2006. AICT-ICIW'06. },
  pages={29--29},
  year={2006},
  organization={IEEE}
}
@inproceedings{przygienda2008m,
  title={M-ISIS: Multi topology (MT) routing},
  author={Przygienda, T. and Sagl, Z. and Shen, N. and others},
  booktitle={in IS-IS,¡± IETF RFC 5120},
  year={2008},
  organization={Citeseer}
}
@article{psenak2005mt,
  title={MT-OSPF: Multi Topology (MT) Routing in OSPF},
  author={Psenak, P. and Mirtorabi, S. and Roy, A. and Nguen, L. and Pillay-Esnault, P.},
  journal={IETF, RFC4915},
  year={2007}
}

@article{spring2002measuring,
  title={Measuring ISP topologies with Rocketfuel},
  author={Spring, Neil and Mahajan, Ratul and Wetherall, David},
  journal={ACM SIGCOMM Computer Communication Review},
  volume={32},
  number={4},
  pages={133--145},
  year={2002},
  publisher={ACM}
}

@phdthesis{francois2007improving,
  title={Improving the convergence of IP routing protocols},
  author={Francois, Pierre},
  year={2007},
  school={University of Pennsylvania, USA}
}

@article{perlman2011introduction,
  title={Introduction to TRILL},
  author={Perlman, Radia},
  journal={The Internet Protocol Journal},
  volume={14},
  number={3},
  year={2011}
}

@inproceedings{markopoulou2004characterization,
  title={Characterization of failures in an IP backbone},
  author={Markopoulou, Athina and Iannaccone, Gianluca and Bhattacharyya, Supratik and Chuah, Chen-Nee and Diot, Christophe},
  booktitle={INFOCOM 2004. Twenty-third AnnualJoint Conference of the IEEE Computer and Communications Societies},
  volume={4},
  pages={2307--2317},
  year={2004},
  organization={IEEE}
}

@article{dijkstra1959note,
  title={A note on two problems in connexion with graphs},
  author={Dijkstra, Edsger W},
  journal={Numerische mathematik},
  volume={1},
  number={1},
  pages={269--271},
  year={1959},
  publisher={Springer}
}

@article{TBFH,
 author = {M{\'e}rindol, P. and Francois, P. and Bonaventure, O. and Cateloin, S. and Pansiot, J. -J.},
 title = {An efficient algorithm to enable path diversity in link state routing networks},
 journal = {Comput. Netw.},
 issue_date = {April, 2011},
 volume = {55},
 number = {5},
 month = apr,
 year = {2011},
 issn = {1389-1286},
 pages = {1132--1149},
 numpages = {18},
 acmid = {1953901},
 publisher = {Elsevier North-Holland, Inc.},
 address = {New York, NY, USA},
 keywords = {Fast-rerouting, Multipath routing, Path diversity, Shortest paths algorithm},
} 

@inproceedings{Narvaez99efficientalgorithms,
    author = {P. Narvaez and K.-Y. Siu and H.-Y Tzeng},
    title = {Efficient Algorithms for Multi-Path Link-State Routing},
  booktitle={ISCOM'99},
    year = {1999}
}


@article{Yang2014Keep,
  title={Keep Forwarding: Towards k-link failure resilient routing},
  author={Yang, Baohua and Liu, Junda and Shenker, Scott and Li, Jun and Zheng, Kai},
  journal={Proceedings - IEEE INFOCOM},
  pages={1617-1625},
  year={2014}
}
@article{icnpscal,
  author    = {J{\'{a}}nos Tapolcai and
               G{\'{a}}bor R{\'{e}}tv{\'{a}}ri and
               P{\'{e}}ter Babarczi and
               Erika R. B{\'{e}}rczi{-}Kov{\'{a}}cs and
               Panna Kristof and
               G{\'{a}}bor Enyedi},
  title     = {Scalable and Efficient Multipath Routing: Complexity and Algorithms},
  journal= {23rd {IEEE} International Conference on Network Protocols, {ICNP}
               2015},
  pages     = {376--385},
  year      = {2015}
}

@article{Xu2012Minimum,
  title={Minimum Protection Cost Tree: A tunnel-based IP Fast Reroute Scheme},
  author={Xu, Mingwei and Li, Qing and Pan, Lingtao and Li, Qi and Wang, Dan},
  journal={Computer Communications},
  volume={35},
  number={17},
  pages={2082-2092},
  year={2012},
}
@article{Reliability,
 author = {Dasgupta, Mou and Biswas, G. P.},
 title = {Design of Multi-path Data Routing Algorithm Based on Network Reliability},
 journal = {Comput. Electr. Eng.},
 volume = {38},
 number = {6},
 month = nov,
 year = {2012},
 pages = {1433--1443},
} 




@article{feller,
  title={An Introduction to Probability Theory and its Applications Vol. I},
  author={Feller, William},
  journal={Wiley},
  year={1968}
}


@article{bryant2006ip,
  title={IP fast reroute using not-via addresses},
  author={Bryant, S and Shand, M and Previdi, S},
  journal={draft-bryant-shand-ipfrr-notvia-addresses-03.txt},
  year={2006}
}

@inproceedings{2001446710101 ,
title = {BRITE: An approach to universal topology generation},
journal = {IEEE International Workshop on Modeling, Analysis, and Simulation of Computer and Telecommunication Systems},
author = {Medina, A. and Lakhina, A. and Matta, I. and Byers, J.},
year = {2001},
pages = {346 - 353},
} 

@article{2006169833416 ,
title = {Achieving sub-second IGP convergence in large IP networks},
journal = {Computer Communication Review},
author = {Francois, Pierre and Filsfils, Clarence and Evans, John and Bonaventure, Olivier},
volume = {35},
number = {3},
year = {2005},
pages = {35 - 44},
issn = {01464833},

} 

@inproceedings{2004128070224 ,
title = {Experience in Black-box OSPF Measurement},
journal = {Proceedings of the ACM SIGCOMM Internet Measurement Workshop},
author = {Shaikh, Aman and Greenberg, Albert},
year = {2001},
pages = {113 - 125},

} 
@inproceedings{lee2004proactive,
  title={Proactive vs reactive approaches to failure resilient routing},
  author={Lee, Sanghwan and Yu, Yinzhe and Nelakuditi, Srihari and Zhang, Zhi-Li and Chuah, Chen-Nee},
  booktitle={INFOCOM 2004. Twenty-third AnnualJoint Conference of the IEEE Computer and Communications Societies},
  volume={1},
  year={2004},
  organization={IEEE}
}



@inproceedings{schollmeier2003improving,
  title={Improving the resilience in IP networks},
  author={Schollmeier, Gero and Charzinski, Joachim and Kirstadter, Andreas and Reichert, Christoph and Schrodi, Karl J and Glickman, Yuri and Winkler, Chris},
  booktitle={High Performance Switching and Routing, 2003, HPSR. Workshop on},
  pages={91--96},
  year={2003},
  organization={IEEE}
}



@article{villamizar1999ospf,
  title={Ospf optimized multipath (ospf-omp), Internet Draft},
  author={Villamizar, Curtis},
  year={1999}
}


@inproceedings{vutukury1999simple,
  title={A Simple Approximation to Minimum-Delay Routing},
  author={Vutukury, Srinivas and Garcia-Luna-Aceves, JJ},
  booktitle={Proc. of ACM SIGCOMM},
  year={1999}
}


@inproceedings{zaumen1998loop,
  title={Loop-free multipath routing using generalized diffusing computations},
  author={Zaumen, William T and Garcia-Luna-Aceves, JJ},
  booktitle={INFOCOM'98. Seventeenth Annual Joint Conference of the IEEE Computer and Communications Societies. Proceedings. IEEE},
  volume={3},
  pages={1408--1417},
  year={1998},
  organization={IEEE}
}


@inproceedings{vutukury2001mdva,
  title={MDVA: A distance-vector multipath routing protocol},
  author={Vutukury, Srinivas and Garcia-Luna-Aceves, Jose J},
  booktitle={INFOCOM 2001. Twentieth Annual Joint Conference of the IEEE Computer and Communications Societies. Proceedings. IEEE},
  volume={1},
  pages={557--564},
  year={2001},
  organization={IEEE}
}

@inproceedings{ohara2009mara,
  title={MARA: Maximum alternative routing algorithm},
  author={Ohara, Yasuhiro and Imahori, Shinji and Van Meter, Rodney},
  booktitle={INFOCOM 2009, IEEE},
  pages={298--306},
  year={2009},
  organization={IEEE}
}


@article{yuan2009smrs,
  title={SMRS: A scalable multi-path routing scheme},
  author={Yuan, Quan and Wu, Jie and Cardei, Ionut},
  journal={International Journal of Parallel, Emergent and Distributed Systems},
  volume={24},
  number={1},
  pages={69--84},
  year={2009},
  publisher={Taylor \& Francis}
}



@MISC{routingfreak07,
    author = {Manav Bhatia},
    title = {Convergence and Scalability Issues in OSPF and IS-IS},
 booktitle = {http://routingfreak.wordpress.com/2007/03/03/convergence-and-scalability-issues/},
year = {2007}

}




@inproceedings{kvalbein2009multipath,
  title={Multipath load-adaptive routing: Putting the emphasis on robustness and simplicity},
  author={Kvalbein, Amund and Dovrolis, Constantine and Muthu, Chidambaram},
  booktitle={17th IEEE International Conference on Networking£¬ ICNP 2009},
  pages={203--212},
  year={2009},
  organization={IEEE}
}
@inproceedings{shaikh2001experience,
  title={Experience in black-box OSPF measurement},
  author={Shaikh, Aman and Greenberg, Albert},
  booktitle={Proceedings of the 1st ACM SIGCOMM Workshop on Internet Measurement},
  pages={113--125},
  year={2001},
  organization={ACM}
}


@inproceedings{alaettinoglu2000towards,
  title={Towards millisecond IGP convergence},
  author={Alaettinoglu, Cengiz and Jacobson, Van and Yu, Haobo},
  booktitle={Proceedings of NANOG},
  volume={20},
  year={2000}
}


@MISC{millisecond,
    author = {Athina Markopoulou and Gianluca Iannaccone and Supratik Bhattacharyya and Chen-nee Chuah and Yashar Ganjali and Christophe Diot},
    title = {Towards Milli-Second IGP Convergence},
 booktitle = {draft-alaettinoglu-isis-convergence-00},
year = {2000}
}
@inproceedings{BlackboxOSPF,
 author = {Shaikh, Aman and Greenberg, Albert},
 title = {Experience in black-box OSPF measurement},
 booktitle = {Proceedings of the 1st ACM SIGCOMM Workshop on Internet Measurement},
 series = {IMW '01},
 year = {2001},
 pages = {113--125},
} 

@misc{oran1990osi,
  title={OSI IS-IS Intra-domain Routing Protocol, RFC1142},
  author={D. Oran},
  year={1990}
}

@misc{not-via,
  title={A Framework for IP and MPLS Fast Reroute Using Not-Via Addresses, RFC 6981},
  author={S. Bryant, S. Previdi, M. Shand},
  year={2013}
}

@misc{IPFRR,
  title={IP Fast Reroute Framework, RFC 5714},
  author={M. Shan, S. Bryan},
  year={2010}
}


@inproceedings{frigioni1996fully,
  title={Fully dynamic output bounded single source shortest path problem},
  author={Frigioni, Daniele and Marchetti-Spaccamela, Alberto and Nanni, Umberto},
  booktitle={Proceedings of the seventh annual ACM-SIAM symposium on Discrete algorithms},
  pages={212--221},
  year={1996},
  organization={Society for Industrial and Applied Mathematics}
}


@inproceedings{franciosa1997semi,
  title={Semi-dynamic shortest paths and breadth-first search in digraphs},
  author={Franciosa, Paolo Giulio and Frigioni, Daniele and Giaccio, Roberto},
  booktitle={STACS 97},
  pages={33--46},
  year={1997},
  organization={Springer}
}


@article{spira1975finding,
  title={On finding and updating spanning trees and shortest paths},
  author={Spira, Philip M. and Pan, A},
  journal={SIAM Journal on Computing},
  volume={4},
  number={3},
  pages={375--380},
  year={1975},
  publisher={SIAM}
}


@article{narvaez2001new,
  title={New dynamic SPT algorithm based on a ball-and-string model},
  author={Narv{\'a}ez, P. and Siu, K.Y. and Tzeng, H.Y.},
  journal={IEEE/ACM Transactions on Networking (TON)},
  volume={9},
  number={6},
  pages={706--718},
  year={2001},
  publisher={IEEE}
}

@article{incits8473iso,
  title={ISO/IEC 10589},
  author={INCITS, ANSI},
  journal={Information technology--Telecommunications and information exchange between systems--Intermediate System to intermediate system intra-domain routeing information exchange protocol for use in conjunction with the protocol for providing the connectionless-mode network service (ISO 8473)},
  year={1992}
}

@article{perlman1991comparison,
  title={A comparison between two routing protocols: OSPF and IS-IS},
  author={Perlman, Radia},
  journal={Network, IEEE},
  volume={5},
  number={5},
  pages={18--24},
  year={1991},
  publisher={IEEE}
}






@article{narvaez2000new,
  title={New dynamic algorithms for shortest path tree computation},
  author={Narv{\'a}ez, P. and Siu, K.Y. and Tzeng, H.Y.},
  journal={IEEE/ACM Transactions on Networking (TON)},
  volume={8},
  number={6},
  pages={734--746},
  year={2000},
  publisher={IEEE Press}
}

@article{knuth1977generalization,
  title={Fibonacci heaps and their uses in improved network optimization algorithms },
  author={Fredman, Michael Lawrence and RE Tarjan},
  journal={25th Annual Symposium on Foundations of Computer Science (IEEE)},
  pages={338--346},
  year={1984},
  publisher={Elsevier}
}

@inproceedings{Li_Improving:2007,
  title={On improving the efficiency and manageability of NotVia},
  author={Li, A. and Francois, P. and Yang, X.},
  booktitle={Proceedings of the 2007 ACM CoNEXT conference},
  year={2007},
  organization={ACM}
}


@article{chen2004multipath,
  title={Multipath routing for video delivery over bandwidth-limited networks},
  author={Chen, J. and Chan, S.H.G. and Li, V.O.K.},
  journal={Selected Areas in Communications, IEEE Journal on},
  volume={22},
  number={10},
  pages={1920--1932},
  year={2004},
  publisher={IEEE}
}

@article{vutukury2000mpath,
  title={MPATH: a loop-free multipath routing algorithm},
  author={Vutukury, S. and Garcia-Luna-Aceves, JJ},
  journal={Microprocessors and Microsystems},
  volume={24},
  number={6},
  pages={319--327},
  year={2000},
  publisher={Elsevier}
}





 @INPROCEEDINGS{Savage99theend-to-end,
    author = {Stefan Savage and Andy Collins and Eric Hoffman and John Snell and Thomas Anderson},
    title = {The End-to-End Effects of Internet Path Selection},
    booktitle = {SIGCOMM},
 publisher = {ACM},
    year = {1999},
    pages = {289--299},
  }

 @article{he2008toward,
  title={Toward internet-wide multipath routing},
  author={He, J. and Rexford, J.},
  journal={Network, IEEE},
  volume={22},
  number={2},
  pages={16--21},
  year={2008},
  publisher={IEEE}
}


 @article{andersen2002resilient,
  title={Resilient overlay networks},
  author={Andersen, D. and Balakrishnan, H. and Kaashoek, F. and Morris, R.},
  journal={ACM SIGCOMM Computer Communication Review},
  volume={32},
  number={1},
  pages={66--66},
  year={2002},
  publisher={ACM}
}
@article{palakurthi2001study,
  title={Study of multipath routing for qos provisioning},
  author={Palakurthi, H.S.},
  journal={EECS},
  year={2001}
}
@MISC{Markopoulou_characterizationof,
    author = {Athina Markopoulou and Gianluca Iannaccone and Supratik Bhattacharyya and Chen-nee Chuah and Yashar Ganjali and Christophe Diot},
    title = {Characterization of Failures in an Operational IP Backbone Network},
 booktitle = {In IEEE/ACM Transactions on Networking},
year = {2008}

}

@INPROCEEDINGS{Iannaccone02analysisof,
    author = {Gianluca Iannaccone and Chen-nee Chuah and Richard Mortier and Supratik Bhattacharyya and Christophe Diot},
    title = {Analysis of link failures in an IP backbone},
    booktitle = {In Proc. of the Internet Measurement Workshop},
    year = {2002},
    pages = {237--242},
    publisher = {ACM}
}


@article{lee2002survey,
  title={A survey of multipath routing for traffic engineering},
  author={Lee, G.M. and Choi, J.},
  journal={Information and Communications University, Korea},
  year={2002},
  publisher={Citeseer}
}


@article{apostolopoulos2006using,
  title={Using multiple topologies for ip-only protection against network failures: A routing performance perspective},
  author={Apostolopoulos, G.},
  journal={ICSFORTH, Greece, Tech. Rep},
  year={2006}
}



@inproceedings{przygienda2008m,
  title={M-ISIS: Multi topology (MT) routing},
  author={Przygienda, T. and Sagl, Z. and Shen, N. and others},
  booktitle={in IS-IS,¡± IETF RFC 5120},
  year={2008},
  organization={Citeseer}
}
@article{psenak2005mt,
  title={MT-OSPF: Multi Topology (MT) Routing in OSPF},
  author={Psenak, P. and Mirtorabi, S. and Roy, A. and Nguen, L. and Pillay-Esnault, P.},
  journal={IETF, RFC4915},
  year={2007}
}

@inproceedings{medina2001brite,
  title={BRITE: An approach to universal topology generation},
  author={Medina, Alberto and Lakhina, Anukool and Matta, Ibrahim and Byers, John},
  booktitle={IEEE International Workshop on Modeling, Analysis, and Simulation of Computer and Telecommunication Systems - Proceedings},
  year={2001},
pages={346--353}

}
@article{spring2002measuring,
  title={Measuring ISP topologies with Rocketfuel},
  author={Spring, Neil and Mahajan, Ratul and Wetherall, David},
  journal={ACM SIGCOMM Computer Communication Review},
  volume={32},
  number={4},
  pages={133--145},
  year={2002},
  publisher={ACM}
}

@phdthesis{francois2007improving,
  title={Improving the convergence of IP routing protocols},
  author={Francois, Pierre},
  year={2007},
  school={University of Pennsylvania, USA}
}

@article{perlman2011introduction,
  title={Introduction to TRILL},
  author={Perlman, Radia},
  journal={The Internet Protocol Journal},
  volume={14},
  number={3},
  year={2011}
}

@inproceedings{markopoulou2004characterization,
  title={Characterization of failures in an IP backbone},
  author={Markopoulou, Athina and Iannaccone, Gianluca and Bhattacharyya, Supratik and Chuah, Chen-Nee and Diot, Christophe},
  booktitle={INFOCOM 2004. Twenty-third AnnualJoint Conference of the IEEE Computer and Communications Societies},
  volume={4},
  pages={2307--2317},
  year={2004},
  organization={IEEE}
}

@article{dijkstra1959note,
  title={A note on two problems in connexion with graphs},
  author={Dijkstra, Edsger W},
  journal={Numerische mathematik},
  volume={1},
  number={1},
  pages={269--271},
  year={1959},
  publisher={Springer}
}


@article{oran1990osi,
  title={OSI IS-IS Intra-domain Routing Protocol, RFC 1142},
  author={Oran, D},
  journal={Digital Eqnipment Corp},
  year={1990}
}

@inproceedings{frigioni1996fully,
  title={Fully dynamic output bounded single source shortest path problem},
  author={Frigioni, Daniele and Marchetti-Spaccamela, Alberto and Nanni, Umberto},
  booktitle={Proceedings of the seventh annual ACM-SIAM symposium on Discrete algorithms},
  pages={212--221},
  year={1996},
  organization={Society for Industrial and Applied Mathematics}
}


@inproceedings{franciosa1997semi,
  title={Semi-dynamic shortest paths and breadth-first search in digraphs},
  author={Franciosa, Paolo Giulio and Frigioni, Daniele and Giaccio, Roberto},
  booktitle={STACS 97},
  pages={33--46},
  year={1997},
  organization={Springer}
}


@article{spira1975finding,
  title={On finding and updating spanning trees and shortest paths},
  author={Spira, Philip M. and Pan, A},
  journal={SIAM Journal on Computing},
  volume={4},
  number={3},
  pages={375--380},
  year={1975},
  publisher={SIAM}
}


@article{narvaez2001new,
  title={New dynamic SPT algorithm based on a ball-and-string model},
  author={Narv{\'a}ez, P. and Siu, K.Y. and Tzeng, H.Y.},
  journal={IEEE/ACM Transactions on Networking (TON)},
  volume={9},
  number={6},
  pages={706--718},
  year={2001},
  publisher={IEEE}
}
@article{incits8473iso,
  title={ISO/IEC 10589},
  author={INCITS, ANSI},
  journal={Information technology--Telecommunications and information exchange between systems--Intermediate System to intermediate system intra-domain routeing information exchange protocol for use in conjunction with the protocol for providing the connectionless-mode network service (ISO 8473)},
  year={2002}
}

@article{perlman1991comparison,
  title={A comparison between two routing protocols: OSPF and IS-IS},
  author={Perlman, Radia},
  journal={Network, IEEE},
  volume={5},
  number={5},
  pages={18--24},
  year={1991},
  publisher={IEEE}
}






@article{narvaez2000new,
  title={New dynamic algorithms for shortest path tree computation},
  author={Narv{\'a}ez, P. and Siu, K.Y. and Tzeng, H.Y.},
  journal={IEEE/ACM Transactions on Networking (TON)},
  volume={8},
  number={6},
  pages={734--746},
  year={2000},
  publisher={IEEE Press}
}

@article{knuth1977generalization,
  title={Fibonacci heaps and their uses in improved network optimization algorithms },
  author={Fredman, Michael Lawrence and RE Tarjan},
  journal={25th Annual Symposium on Foundations of Computer Science (IEEE)},
  pages={338--346},
  year={1984},
  publisher={Elsevier}
}

@inproceedings{Li_Improving:2007,
  title={On improving the efficiency and manageability of NotVia},
  author={Li, A. and Francois, P. and Yang, X.},
  booktitle={Proceedings of the 2007 ACM CoNEXT conference},
  year={2007},
  organization={ACM}
}

@article{chen2004multipath,
  title={Multipath routing for video delivery over bandwidth-limited networks},
  author={Chen, J. and Chan, S.H.G. and Li, V.O.K.},
  journal={Selected Areas in Communications, IEEE Journal on},
  volume={22},
  number={10},
  pages={1920--1932},
  year={2004},
  publisher={IEEE}
}

@article{vutukury2000mpath,
  title={MPATH: a loop-free multipath routing algorithm},
  author={Vutukury, S. and Garcia-Luna-Aceves, JJ},
  journal={Microprocessors and Microsystems},
  volume={24},
  number={6},
  pages={319--327},
  year={2000},
  publisher={Elsevier}
}

 @inproceedings{vutukury2001mdva,
  title={MDVA: A distance-vector multipath routing protocol},
  author={Vutukury, S. and Garcia-Luna-Aceves, JJ},
  booktitle={INFOCOM 2001. Twentieth Annual Joint Conference of the IEEE Computer and Communications Societies. Proceedings. IEEE},
  volume={1},
  pages={557--564},
  year={2001},
  organization={IEEE}
}




 @INPROCEEDINGS{Savage99theend-to-end,
    author = {Stefan Savage and Andy Collins and Eric Hoffman and John Snell and Thomas Anderson},
    title = {The End-to-End Effects of Internet Path Selection},
    booktitle = {SIGCOMM},
 publisher = {ACM},
    year = {1999},
    pages = {289--299},
  }

 @article{he2008toward,
  title={Toward internet-wide multipath routing},
  author={He, J. and Rexford, J.},
  journal={Network, IEEE},
  volume={22},
  number={2},
  pages={16--21},
  year={2008},
  publisher={IEEE}
}


 @article{andersen2002resilient,
  title={Resilient overlay networks},
  author={Andersen, D. and Balakrishnan, H. and Kaashoek, F. and Morris, R.},
  journal={ACM SIGCOMM Computer Communication Review},
  volume={32},
  number={1},
  pages={66--66},
  year={2002},
  publisher={ACM}
}
@article{palakurthi2001study,
  title={Study of multipath routing for qos provisioning},
  author={Palakurthi, H.S.},
  journal={EECS},
  year={2001}
}
@MISC{Markopoulou_characterizationof,
    author = {Athina Markopoulou and Gianluca Iannaccone and Supratik Bhattacharyya and Chen-nee Chuah and Yashar Ganjali and Christophe Diot},
    title = {Characterization of Failures in an Operational IP Backbone Network},
 booktitle = {In IEEE/ACM Transactions on Networking},
year = {2008}

}

@INPROCEEDINGS{Iannaccone02analysisof,
    author = {Gianluca Iannaccone and Chen-nee Chuah and Richard Mortier and Supratik Bhattacharyya and Christophe Diot},
    title = {Analysis of link failures in an IP backbone},
    booktitle = {In Proc. of the Internet Measurement Workshop},
    year = {2002},
    pages = {237--242},
    publisher = {ACM}
}


@article{lee2002survey,
  title={A survey of multipath routing for traffic engineering},
  author={Lee, G.M. and Choi, J.},
  journal={Information and Communications University, Korea},
  year={2002},
  publisher={Citeseer}
}



@inproceedings{przygienda2008m,
  title={M-ISIS: Multi topology (MT) routing},
  author={Przygienda, T. and Sagl, Z. and Shen, N. and others},
  booktitle={in IS-IS,¡± IETF RFC 5120},
  year={2008},
  organization={Citeseer}
}
@article{psenak2005mt,
  title={MT-OSPF: Multi Topology (MT) Routing in OSPF},
  author={Psenak, P. and Mirtorabi, S. and Roy, A. and Nguen, L. and Pillay-Esnault, P.},
  journal={IETF, RFC4915},
  year={2007}
}

@article{spring2002measuring,
  title={Measuring ISP topologies with Rocketfuel},
  author={Spring, Neil and Mahajan, Ratul and Wetherall, David},
  journal={ACM SIGCOMM Computer Communication Review},
  volume={32},
  number={4},
  pages={133--145},
  year={2002},
  publisher={ACM}
}

@phdthesis{francois2007improving,
  title={Improving the convergence of IP routing protocols},
  author={Francois, Pierre},
  year={2007},
  school={University of Pennsylvania, USA}
}

@article{perlman2011introduction,
  title={Introduction to TRILL},
  author={Perlman, Radia},
  journal={The Internet Protocol Journal},
  volume={14},
  number={3},
  year={2011}
}


@inproceedings{markopoulou2004characterization,
  title={Characterization of failures in an IP backbone},
  author={Markopoulou, Athina and Iannaccone, Gianluca and Bhattacharyya, Supratik and Chuah, Chen-Nee and Diot, Christophe},
  booktitle={INFOCOM 2004. Twenty-third AnnualJoint Conference of the IEEE Computer and Communications Societies},
  volume={4},
  pages={2307--2317},
  year={2004},
  organization={IEEE}
}

@article{dijkstra1959note,
  title={A note on two problems in connexion with graphs},
  author={Dijkstra, Edsger W},
  journal={Numerische mathematik},
  volume={1},
  number={1},
  pages={269--271},
  year={1959},
  publisher={Springer}
}


